@article{CC2007PerfAnaly,
  author    = {Xiaolan Zhang and
               Giovanni Neglia and
               James F. Kurose and
               Donald F. Towsley},
  title     = {Performance modeling of epidemic routing},
  journal   = {Comput. Networks},
  volume    = {51},
  number    = {10},
  pages     = {2867--2891},
  year      = {2007},
  url       = {https://doi.org/10.1016/j.comnet.2006.11.028},
  doi       = {10.1016/j.comnet.2006.11.028},
  timestamp = {Wed, 19 Feb 2020 16:34:48 +0100},
  biburl    = {https://dblp.org/rec/journals/cn/ZhangNKT07.bib},
  bibsource = {dblp computer science bibliography, https://dblp.org}
}
